% This file was created with Citavi 6.5.0.0

@article{.,
 title = {Smart Factory}
}


@book{RICHARDS.2020,
 author = {RICHARDS, GWYNNE and Grinsted, Susan},
 year = {2020},
 title = {The logistics and supply chain toolkit: Over 100 tools for tansport, warehousing and inventory manageme},
 address = {[Place of publication not identified]},
 edition = {Third edition},
 publisher = {{KOGAN PAGE}},
 isbn = {9781789660852},
 file = {http://www.worldcat.org/oclc/1142399802}
}


