% This file was created with Citavi 6.5.0.0

@misc{.29.09.2020,
 year = {29.09.2020},
 title = {Er{\"o}ffnungsfeier Swiss Smart Factory -- die erste Schweizer Test- und Demo-Fabrik zum Thema Industrie 4.0 -- Innovator's Guide Switzerland},
 url = {https://innovators-guide.ch/2017/05/eroffnungsfeier-swiss-smart-factory-die-erste-schweizer-test-und-demo-fabrik-zum-thema-industrie-40/},
 urldate = {29.09.2020}
}


@misc{.29.09.2020c,
 year = {29.09.2020},
 title = {Smart Manufacturing Market by Enabling Technology, Information Technology, Industry, and Region | COVID-19 Impact Analysis | MarketsandMarkets{\texttrademark}},
 url = {https://www.marketsandmarkets.com/Market-Reports/smart-manufacturing-market-105448439.html},
 urldate = {29.09.2020}
}


@misc{BMBFInternetredaktion.2018,
 abstract = {Industrie 4.0},
 author = {BMBF-Internetredaktion},
 year = {2018},
 title = {Industrie 4.0 - BMBF},
 url = {https://www.bmbf.de/de/zukunftsprojekt-industrie-4-0-848.html},
 urldate = {29.09.2020}
}


@article{Huhmann.29.10.2019,
 abstract = {Die Zielsetzung der Smart Factory ist im Grunde die Herstellung hoch kreativer Einzelkunstwerke -- in industrieller Fertigung. Wie sieht der Weg dorthin aus?},
 author = {Huhmann, Andreas},
 year = {29.10.2019},
 title = {Industrie 4.0: Auf dem Weg zur wirklich smarten Factory},
 url = {https://entwickler.de/online/iot/industrie-4-0-auf-dem-weg-zur-smart-factory-579911790.html},
 urldate = {29.09.2020},
 journal = {entwickler.de - S{\&}S Media Support GmbH}
}


@misc{Industrie40TippsUmsetzung,
 abstract = {Industrie 4.0 und Digitalisierung der Produktion sind die Zukunft. Lesen Sie hier {\"u}ber die Smart Factory und die Umsetzungsstrategien der Industrie 4.0.},
 year = {19.10.2020},
 title = {Industrie 4.0 und Digitalisierung 4.0: Tipps zur Umsetzung},
 url = {https://www.iph-hannover.de/de/dienstleistungen/automatisierungstechnik/industrie-4.0/},
 urldate = {19.10.2020}
}


@article{LimitedWipro.11.09.2020,
 abstract = {Um den Erfolg von Smart Manufacturing sicherzustellen, sollten Unternehmen der Fertigungsindustrie ihr Hauptaugenmerk auf f{\"u}nf Schl{\"u}sselbereiche legen.},
 author = {{Limited, Wipro}},
 year = {11.09.2020},
 title = {In 5 Schritten zum Smart Manufacturing | MoreThanDigital},
 url = {https://morethandigital.info/in-5-schritten-zum-smart-manufacturing/},
 urldate = {29.09.2020},
 journal = {MoreThanDigital}
}


@book{RICHARDS.2020,
 author = {RICHARDS, GWYNNE and Grinsted, Susan},
 year = {2020},
 title = {The logistics and supply chain toolkit: Over 100 tools for tansport, warehousing and inventory manageme},
 address = {[Place of publication not identified]},
 edition = {Third edition},
 publisher = {{KOGAN PAGE}},
 isbn = {9781789660852},
 file = {http://www.worldcat.org/oclc/1142399802}
}


@misc{WasIndustrie40,
 year = {29.09.2020},
 title = {Was ist Industrie 4.0?},
 url = {https://www.plattform-i40.de/PI40/Navigation/DE/Industrie40/WasIndustrie40/was-ist-industrie-40.html},
 urldate = {29.09.2020}
}


