
@book{richards_logistics_2020,
	address = {[Place of publication not identified]},
	edition = {Third edition},
	title = {The logistics and supply chain toolkit: {Over} 100 tools for tansport, warehousing and inventory manageme},
	isbn = {978-1-78966-085-2},
	publisher = {KOGAN PAGE},
	author = {RICHARDS, GWYNNE and Grinsted, Susan},
	year = {2020}
}

@book{noauthor_eroffnungsfeier_2020,
	title = {Eröffnungsfeier {Swiss} {Smart} {Factory} – die erste {Schweizer} {Test}- und {Demo}-{Fabrik} zum {Thema} {Industrie} 4.0 – {Innovator}'s {Guide} {Switzerland}},
	url = {https://innovators-guide.ch/2017/05/eroffnungsfeier-swiss-smart-factory-die-erste-schweizer-test-und-demo-fabrik-zum-thema-industrie-40/},
	month = sep,
	year = {2020}
}

@book{noauthor_was_2020,
	title = {Was ist {Industrie} 4.0?},
	url = {https://www.plattform-i40.de/PI40/Navigation/DE/Industrie40/WasIndustrie40/was-ist-industrie-40.html;jsessionid=D7ED4118DED525F176F382A8F939369D},
	month = sep,
	year = {2020}
}

@book{noauthor_smart_2020,
	title = {Smart {Manufacturing} {Market} by {Enabling} {Technology}, {Information} {Technology}, {Industry}, and {Region} {\textbar} {COVID}-19 {Impact} {Analysis} {\textbar} {MarketsandMarkets}™},
	url = {https://www.marketsandmarkets.com/Market-Reports/smart-manufacturing-market-105448439.html},
	month = sep,
	year = {2020}
}

@book{bmbf-internetredaktion_industrie_2018,
	title = {Industrie 4.0 - {BMBF}},
	url = {https://www.bmbf.de/de/zukunftsprojekt-industrie-4-0-848.html},
	abstract = {Industrie 4.0},
	author = {{BMBF-Internetredaktion}},
	year = {2018}
}

@article{huhmann_industrie_2019,
	title = {Industrie 4.0: {Auf} dem {Weg} zur wirklich smarten {Factory}},
	url = {https://entwickler.de/online/iot/industrie-4-0-auf-dem-weg-zur-smart-factory-579911790.html},
	abstract = {Die Zielsetzung der Smart Factory ist im Grunde die Herstellung hoch kreativer Einzelkunstwerke – in industrieller Fertigung. Wie sieht der Weg dorthin aus?},
	journal = {entwickler.de - S\&S Media Support GmbH},
	author = {Huhmann, Andreas},
	month = oct,
	year = {2019}
}

@article{limited_wipro_5_2020,
	title = {In 5 {Schritten} zum {Smart} {Manufacturing} {\textbar} {MoreThanDigital}},
	url = {https://morethandigital.info/in-5-schritten-zum-smart-manufacturing/},
	abstract = {Um den Erfolg von Smart Manufacturing sicherzustellen, sollten Unternehmen der Fertigungsindustrie ihr Hauptaugenmerk auf fünf Schlüsselbereiche legen.},
	journal = {MoreThanDigital},
	author = {{Limited, Wipro}},
	month = sep,
	year = {2020}
}

@book{richards_logistics_2020-1,
	address = {[Place of publication not identified]},
	edition = {Third edition},
	title = {The logistics and supply chain toolkit: {Over} 100 tools for tansport, warehousing and inventory manageme},
	isbn = {978-1-78966-085-2},
	publisher = {KOGAN PAGE},
	author = {RICHARDS, GWYNNE and Grinsted, Susan},
	year = {2020}
}
